@inproceedings{amie,
  author    = {Luis Antonio Gal{\'a}rraga and
               Christina Teflioudi and
               Katja Hose and
               Fabian M. Suchanek},
  title     = "{AMIE: Association Rule Mining under Incomplete Evidence in Ontological Knowledge Bases}",
  booktitle = {WWW},
  year      = {2013},



}
@inproceedings{knowledgevault,
 title  = {Knowledge Vault: A Web-Scale Approach to Probabilistic Knowledge Fusion},
 author = {X.  Dong and E.  Gabrilovich and G.  Heitz and W.  Horn and N.  Lao and K.  Murphy and T. Strohmann and S. Sun and W. Zhang},
 year = 2014,
 booktitle = {KDD},
}

@article{grice,
 author={Grice, Paul},
 year=1975,
 title="Logic and conversation",
 journal={J. Syntax and semantics},
 volume=3,
 publisher={Academic Press}
}

@incollection{usir1753,
          number = {5194},
          author = {T Mamer and CH Bryant and JM McCall},
          series = {LNAI},
       booktitle = {Inductive logic programming},
          editor = {F Zelezny and N Lavrac},
           title = {L-modified ILP evaluation functions for positive-only biological grammar learning},
       publisher = {Springer-Verlag},
            year = {2008},
}
@InProceedings{ LavCesDze92-ECAI92WS,
	Author = "N. Lavra\v{c} and B. Cestnik and S. D\v{z}eroski",
	Title = "Search heuristics in empirical inductive logic programming",
	Booktitle = ECAI92WS,
	Year = 1992
}
@inproceedings{DBLP:conf/ekaw/dAmatoBS12,
  author    = {Claudia d'Amato and
               Volha Bryl and
               Luciano Serafini},
  title     = {Semantic Knowledge Discovery from Heterogeneous Data Sources},
  booktitle = {EKAW},
  year      = {2012},
}

@article{DBLP:journals/datamine/RettingerLTdF12,
  author    = {Achim Rettinger and
               Uta L{\"o}sch and
               Volker Tresp and
               Claudia d'Amato and
               Nicola Fanizzi},
  title     = {Mining the Semantic Web - Statistical learning for next
               generation knowledge bases},
  journal   = {Data Min. Knowl. Discov.},
  volume    = {24},
  number    = {3},
  year      = {2012},
}
@article{DBLP:journals/tplp/Lisi08,
  author    = {Francesca A. Lisi},
  title     = {Building Rules on Top of Ontologies for the Semantic Web
               with Inductive Logic Programming},
  journal   = {TPLP},
  volume    = {8},
  number    = {3},
  year      = {2008},
}

@inproceedings{DBLP:conf/semweb/dAmatoBS12,
  author    = {Claudia d'Amato and
               Volha Bryl and
               Luciano Serafini},
  title     = {Data-Driven Logical Reasoning},
  booktitle = {URSW},
  year      = {2012}
}

@INPROCEEDINGS{yago2s,
  AUTHOR = {Joanna Biega and Erdal Kuzey and Fabian M. Suchanek},
  TITLE = {{Inside YAGO2s: A Transparent Information Extraction Architecture}},
  YEAR = {2013},
  BOOKTITLE = {WWW (companion volume)}
}

@article{rdf3x,
 author = {Neumann, Thomas and Weikum, Gerhard},
 title = "{RDF-3X: a RISC-style engine for RDF}",
 journal = {Proc. VLDB Endow.},
 volume = {1},
 number = {1},
 month = aug,
 year = {2008},
}

@article{PARIS,
 author   = {Fabian M. Suchanek and Serge Abiteboul and Pierre Senellart},
 title    = {{PARIS: Probabilistic Alignment of Relations, Instances, and Schema}},
 journal  = {PVLDB},
 volume   = {5},
 number   = {3},
 year     = {2011},
}

@article{yago2,
  AUTHOR = {Hoffart, Johannes and Suchanek, Fabian M. and Berberich, Klaus and Weikum, Gerhard},
  TITLE = "{YAGO2: a spatially and temporally enhanced knowledge base from Wikipedia}",
  Journal = {Artificial Intelligence Journal},
  YEAR = {2013}
  }

@misc{sparql,
 author = {{World Wide Web Consortium}},
 note = {\url{http://www.w3.org/TR/rdf-sparql-query/}},
 title = {{SPARQL Query Language for RDF)}},
}

@misc{rdf,
 title={{RDF Primer (W3C Recommendation 2004-02-10)}},
 howpublished={\url{http://www.w3.org/TR/rdf-primer/}},
 author={{Word Wide Web Consortium}},
 year=2004
}

@misc{freebase,
  title="The Freebase project",
  author={Metaweb Technologies},
  howpublished={\url{http://freebase.com}},
}

@inproceedings{dbpedia,
title = {{DBpedia}: A Nucleus for a {W}eb of Open Data},
author = {S{\"o}ren Auer and Christian Bizer and Georgi Kobilarov and Jens Lehmann and Richard Cyganiak and Zachary G. Ives},
booktitle = {ISWC},
year = {2007}
}

@inproceedings{cyc,
   author = {Cynthia Matuszek and John Cabral and Michael Witbrock and John Deoliveira},
    title = "{An introduction to the syntax and content of {Cyc}}",
    booktitle = {AAAI Spring Symposium},
    year = {2006},
}

@inproceedings{SucKasWei07,
 author = {Suchanek, Fabian M. and Kasneci, Gjergji and Weikum, Gerhard},
 title = {Yago: a core of semantic knowledge},
 booktitle = {WWW},
 year = {2007},
}

@inproceedings{SriAgr95,
 author = {Srikant, Ramakrishnan and Agrawal, Rakesh},
 title = {Mining Generalized Association Rules},
 booktitle = {VLDB},
 year = {1995},
}


@inproceedings{AgrImiSwa93,
 author = {Agrawal, R. and Imieli\'{n}ski, T. and Swami, A.},
 title = {Mining association rules between sets of items in large databases},
 booktitle = {SIGMOD},
 year = {1993},
}

@inproceedings{TalWijMit12,
author = {Partha Pratim Talukdar and Derry Wijaya and Tom Mitchell},
title = { Acquiring Temporal Constraints between Relations},
year = { 2012 },
booktitle = {CIKM},
}

@incollection{DehToi00,
 author = {Dehaspe, Luc and Toironen, Hannu},
 title = {Discovery of relational association rules},
 booktitle = {Relational Data Mining},
 year = {2000},
 publisher = {Springer-Verlag New York, Inc.},
}

@article{DehToi99,
 author = {Dehaspe, Luc and Toivonen, Hannu},
 title = "{Discovery of frequent DATALOG patterns}",
 journal = {Data Min. Knowl. Discov.},
 volume = {3},
 number = {1},
 month = mar,
 year = {1999},
 publisher = {Kluwer Academic Publishers},
}

@incollection {GoeVan02,
   author = {Goethals, Bart and Van den Bussche, Jan},
   title = "{Relational Association Rules: Getting WARMER}",
   booktitle = {Pattern Detection and Discovery},
   publisher = {Springer Berlin / Heidelberg},
   volume = {2447},
   year = {2002}
}

@article{NebBer12,
  author    = {Victoria Nebot and Rafael Berlanga},
  title     = "{Finding association rules in semantic web data}",
  journal   = {Knowl.-Based Syst.},
  volume    = {25},
  number    = {1},
  year      = {2012},
}

@inproceedings{KurKar01,
 author = {Kuramochi, Michihiro and Karypis, George},
 title = "{Frequent Subgraph Discovery}",
 booktitle = {ICDM},
 year = {2001},
 publisher = {IEEE Computer Society},
}

@article{ChiMunNij04,
 author = {Chi, Yun and Muntz, Richard R. and Nijssen, Siegfried and Kok, Joost N.},
 title = "{Frequent Subtree Mining - An Overview}",
 journal = {Fundam. Inf.},
 volume = {66},
 number = {1-2},
 year = {2004},
 publisher = {IOS Press},
}

@article{JozLawLuk10,
 author = {Jozefowska, Joanna and Lawrynowicz, Agnieszka and Lukaszewski, Tomasz},
 title = "{The role of semantics in mining frequent patterns from knowledge bases in description logics with rules}",
 journal = {Theory Pract. Log. Program.},
 issue_date = {May 2010},
 volume = {10},
 number = {3},
 year = {2010},
 publisher = {Cambridge University Press},
}

@article {AdeRaeBru95,
   author = {Ad{\'e}, Hilde and Raedt, Luc and Bruynooghe, Maurice},
   title = {Declarative bias for specific-to-general ILP systems},
   journal = {Machine Learning},
   publisher = {Springer Netherlands},
   volume = {20},
   issue = {1},
   year = {1995}
}

@article{JiaTanWan07,
  author    = {Tao Jiang and Ah-Hwee Tan and Ke Wang},
  title     = "{Mining Generalized Associations of Semantic Relations from Textual Web Content}",
  journal   = {IEEE Trans. Knowl. Data Eng.},
  volume    = {19},
  number    = {2},
  year      = {2007},
}

@inproceedings{NoyMus00,
 author = {Noy, Natalya Fridman and Musen, Mark A.},
 title = "{PROMPT: Algorithm and Tool for Automated Ontology Merging and Alignment}",
 booktitle = {AAAI/IAAI},
 year = {2000},
 publisher = {AAAI Press},
}

@inproceedings{McgFikRic00,
  author    = {Deborah L. McGuinness and
               Richard Fikes and
               James Rice and
               Steve Wilder},
  title     = "{An Environment for Merging and Testing Large Ontologies}",
  booktitle = {KR},
  year      = {2000},
}

@inproceedings{StuMae01,
 author = {Stumme, Gerd and Maedche, Alexander},
 title = "{FCA-MERGE: bottom-up merging of ontologies}",
 booktitle = {IJCAI},
 year = {2001},
}

@article{VilPerGod09,
 author = {Villaverde, J. and Persson, A. and Godoy, D. and Amandi, A.},
 title = "{Supporting the discovery and labeling of non-taxonomic relationships in ontology learning}",
 journal = {Expert Systems with Applications},
 volume = {36},
 number = {7},
 year = {2009},
 publisher = {Pergamon Press, Inc.},
}

@inproceedings{SchEtzWel10,
 author = {Schoenmackers, Stefan and Etzioni, Oren and Weld, Daniel S. and Davis, Jesse},
 title = "{Learning first-order Horn clauses from web text}",
 booktitle = {EMNLP},
 year = {2010},
}

@inproceedings{NebLla10,
  author    = {Victoria Nebot and Rafael Berlanga Llavori},
  title     = "{Mining Association Rules from Semantic Web Data}",
  booktitle = {IEA/AIE (2)},
  year      = {2010},
}

@inproceedings{MaeSta00,
  author    = {Alexander Maedche and Steffen Staab},
  booktitle = {ECAI},
  title = "{Discovering Conceptual Relations from Text}",
  year      = {2000},
}

@inproceedings{CimHotSta04,
  author = {Cimiano, Philipp and Hotho, Andreas and Staab, Steffen},
  booktitle = {ECAI},
  title = "{Comparing Conceptual, Divisive and Agglomerative Clustering for Learning Taxonomies from Text}",
  year = 2004
}

@inproceedings{TanKumSri02,
 author = {Tan, Pang-Ning and Kumar, Vipin and Srivastava, Jaideep},
 title = "{Selecting the right interestingness measure for association patterns}",
 booktitle = {KDD},
 year = {2002}
}

@article{Leh09,
  author = {Lehmann, Jens},
  journal = {Journal of Machine Learning Research (JMLR)},
  title = "{{DL-Learner:} Learning Concepts in Description Logics}",
  volume = 10,
  year = 2009
}

@article{DamFanEsp10,
 author = {d'Amato, Claudia and Fanizzi, Nicola and Esposito, Floriana},
 title = "{Inductive learning for the Semantic Web: What does it buy?}",
 journal = {Semant. web},
 volume = {1},
 number = {1,2},
 month = apr,
 year = {2010},
 publisher = {IOS Press},
}

@article{HelLehAue09,
  author    = {Sebastian Hellmann and Jens Lehmann and S{\"o}ren Auer},
  title     = "{Learning of OWL Class Descriptions on Very Large Knowledge Bases}",
  journal   = {Int. J. Semantic Web Inf. Syst.},
  volume    = {5},
  number    = {2},
  year      = {2009},
}

@article{DavGuiBri07,
  author    = {J{\'e}r{\^o}me David and
               Fabrice Guillet and
               Henri Briand},
  title     = "{Association Rule Ontology Matching Approach}",
  journal   = {Int. J. Semantic Web Inf. Syst.},
  volume    = {3},
  number    = {2},
  year      = {2007},
}

@inproceedings{GriEdwPre04,
  author    = {Gunnar Aastrand Grimnes and
               Peter Edwards and
               Alun D. Preece},
  title     = "{Learning Meta-descriptions of the FOAF Network}",
  booktitle = {ISWC},
  year      = {2004},
}

@inproceedings{MaeZac02,
 author = {Maedche, Alexander and Zacharias, Valentin},
 title = "{Clustering Ontology-Based Metadata in the Semantic Web}",
 booktitle = {PKDD},
 year = {2002},
}

@inproceedings{VoeNie11,
 author = {V\"{o}lker, Johanna and Niepert, Mathias},
 title = "{Statistical schema induction}",
 booktitle = {ESWC},
 year = {2011},
}

@article{KotsiatnisARSurvey,
    author = {Kotsiantis, Sotiris and Kanellopoulos, Dimitris},
    journal = {International Transactions on Computer Science and Engineering},
    number = {1},
    publisher = {Global Engineering, Science, and Technology Society (GESTS)},
    title = {{Association Rules Mining: A Recent Overview}},
    volume = {32},
    year = {2006}
}

@inproceedings{Agrawal:1996:FDA:257938.257975,
 author = {Agrawal, Rakesh and Mannila, Heikki and Srikant, Ramakrishnan and Toivonen, Hannu and Verkamo, A. Inkeri},
 title = {Fast discovery of association rules},
 booktitle = {Advances in knowledge discovery and data mining},
 year = {1996}
}

@article{Muggleton95inverseentailment,
  author    = {Stephen Muggleton},
  title     = {Inverse Entailment and Progol},
  journal   = {New Generation Comput.},
  volume    = {13},
  number    = {3{\&}4},
  year      = {1995},
}

@inproceedings{Muggleton:1996:LPD:647996.742465,
 author = {Muggleton, Stephen},
 title = {Learning from Positive Data},
 booktitle = {ILP},
 year = {1997},
}

@inproceedings{urdf,
  author = {Ndapandula Nakashole and Mauro Sozio and Fabian Suchanek and Martin Theobald },
  title = {Query-Time Reasoning in Uncertain RDF Knowledge Bases with Soft and Hard Rules},
  year = {2012},
  booktitle = {Workshop on Very Large Data Search (VLDS) at VLDB}
}

@article{markovlogic,
	author = {Richardson, Matthew   and Domingos, Pedro  },
	journal = {Machine Learning},
	number = {1-2},
	publisher = {Springer},
	title = {Markov logic networks},
	volume = {62},
	year = {2006}
}

@inproceedings{Abedjan:2012:ROW:2396761.2398467,
 author = {Abedjan, Z. and Lorey, J. and Naumann, F.},
 title = {Reconciling ontologies and the web of data},
 booktitle = {CIKM},
 year = {2012},
}

@INPROCEEDINGS{ nickel:factorizing,
AUTHOR = "Maximilian Nickel and Volker Tresp and Hans-Peter Kriegel",
TITLE = "Factorizing YAGO: scalable machine learning for linked data",
BOOKTITLE = "WWW",
YEAR = {2012},
}

@inproceedings{Huang:2010:MPL:2022735.2022750,
 author = {Huang, Yi and Tresp, Volker and Bundschus, Markus and Rettinger, Achim and Kriegel, Hans-Peter},
 title = {Multivariate prediction for learning on the semantic web},
 booktitle = {ILP},
 year = {2011},
}

@inproceedings{carlson-aaai,
 title = {Toward an Architecture for Never-Ending Language Learning},
 author = {Andrew Carlson and Justin Betteridge and Bryan Kisiel and Burr Settles and Estevam R. Hruschka Jr. and Tom M. Mitchell},
 booktitle = {AAAI},
 year = {2010}
}

@inproceedings{Ziawasch2013a,
author = { Ziawasch Abedjan, Felix Naumann },
title = { Synonym Analysis for Predicate Expansion },
year = { 2013 },
month = { 0 },
booktitle = {ESWC}
}

@inproceedings{conf/semweb/SuchanekGA11,
  author = {Suchanek, Fabian M. and Gross-Amblard, David and Abiteboul, Serge},
  booktitle = {ISWC},
  title = {Watermarking for Ontologies.},
  year = 2011
}
@inproceedings{DBLP:conf/www/SuchanekG12,
  author    = {Fabian M. Suchanek and
               David Gross{-}Amblard},
  title     = {Adding fake facts to ontologies},
  booktitle = {WWW companion volume},
  year      = {2012},
}

@inproceedings {quickfoil,
  author = {Zeng, Qiang and Patel, Jignesh and Page, David},
  title = {{QuickFOIL: Scalable Inductive Logic Programming}},
  booktitle = {VLDB},
  year = {2014}
}

@article{Chasseur:2013:DES:2536258.2536260,
 author = {Chasseur, Craig and Patel, Jignesh M.},
 title = {Design and Evaluation of Storage Organizations for Read-optimized Main Memory Databases},
 journal = {Proc. VLDB Endow.},
 issue_date = {August 2013},
 volume = {6},
 number = {13},
 month = aug,
 year = {2013},
 publisher = {VLDB Endowment},
}

@inproceedings{yago3,
author={ Farzaneh Mahdisoltani and Joanna Biega and Fabian M. Suchanek},
title={YAGO3: A Knowledge Base from Multilingual Wikipedias},
booktitle={CIDR},
year=2015
}
