@inproceedings{DBLP:conf/aaai/BuvacM93,
  author    = {Sasa Buvac and
               Ian A. Mason},
  title     = {Propositional Logic of Context},
  booktitle = {Proc. of AAAI},
  year      = {1993},
  pages     = {412-419}
}

@inproceedings{DBLP:conf/aaai/Buvac96,
  author    = {Sasa Buvac},
  title     = {Quantificational Logic of Context},
  booktitle = {Proc. of AAAI},
  year      = {1996},
  pages     = {600-606}
}

@article{DBLP:journals/cacm/McCarthy87,
  author    = {John McCarthy},
  title     = {Generality in Artificial Intelligence},
  journal   = {Communications of the ACM},
  volume    = {30},
  number    = {12},
  year      = {1987},
  pages     = {1029-1035}
}

@inproceedings{TW-2010-02, author = {Jie Bao and Jiao Tao and Deborah L. McGuinness and Paul R. Smart}, title = {Context Representation for the Semantic Web}, booktitle = {Web Science Conference}, year = {2010} }

@article{DBLP:journals/ai/SerafiniB04,
  author    = {Luciano Serafini and
               Paolo Bouquet},
  title     = {Comparing formal theories of context in AI},
  journal   = {Artificial Intelligence},
  volume    = {155},
  number    = {1-2},
  year      = {2004},
  pages     = {41-67}
}

@phdthesis{guha-thesis,
author= {Ramanathan Guha},
title = {Contexts: a formalization and some applications},
school = {Stanford University},
year = 1991
}


@article{Giunchiglia199429,
	Author = {Fausto Giunchiglia and Luciano Serafini},
	Journal = {Artificial Intelligence},
	Number = {1},
	Pages = {29 - 70},
	Title = {Multilanguage hierarchical logics, or: How we can do without modal logics},
	Volume = {65},
	Year = {1994}}


	@inproceedings{DBLP:conf/aaai/KlarmanG11,
  author    = {Szymon Klarman and
               V\'{\i}ctor Guti{\'e}rrez-Basulto},
  title     = {Two-Dimensional Description Logics for Context-Based Semantic
               Interoperability},
  booktitle = {AAAI},
  year      = {2011},
  ee        = {http://www.aaai.org/ocs/index.php/AAAI/AAAI11/paper/view/3688},
  bibsource = {DBLP, http://dblp.uni-trier.de}
}

@article{DBLP:journals/japll/Nossum03,
  author    = {Rolf Nossum},
  title     = {A decidable multi-modal logic of context},
  journal   = {J. Applied Logic},
  volume    = {1},
  number    = {1-2},
  year      = {2003},
  pages     = {119-133},
  ee        = {http://dx.doi.org/10.1016/S1570-8683(03)00007-7},
  bibsource = {DBLP, http://dblp.uni-trier.de}
}

@inproceedings{DBLP:conf/ijcai/McCarthy93,
  author    = {John McCarthy},
  title     = {Notes on Formalizing Context},
  booktitle = {IJCAI},
  year      = {1993},
  pages     = {555-562},
  ee        = {http://www-formal.stanford.edu/jmc/context3/context3.html},
  bibsource = {DBLP, http://dblp.uni-trier.de}
}

@book{hintikka,
    author = {J. Hintikka},
    publisher = {Cornell University Press},
    title = {{Knowledge and Belief}}
    year = {1962}
}

@book{reas-about-knowledge,
    author = {Fagin, Ronald and Halpern, Joseph Y. and Moses, Yoram and Vardi, Moshe Y.},
    publisher = {MIT Press},
    title = {{Reasoning About Knowledge}}
    year = {1995}
}

@article{DBLP:journals/ai/HalpernM92,
  author    = {Joseph Y. Halpern and
               Yoram Moses},
  title     = {A Guide to Completeness and Complexity for Modal Logics
               of Knowledge and Belief},
  journal   = {Artif. Intell.},
  volume    = {54},
  number    = {2},
  year      = {1992},
  pages     = {319-379},
  ee        = {http://dx.doi.org/10.1016/0004-3702(92)90049-4},
  bibsource = {DBLP, http://dblp.uni-trier.de}
}

@book{del,
author = {Hans van Ditmarsch and Weibe van der Hoek and Barteld Kooi},
    publisher = {Springer},
    title = {{Dynamic Epistemic Logic}}
    year = {2007}
}

@article{DBLP:journals/igpl/HerzigLHV10,
  author    = {Andreas Herzig and
               Emiliano Lorini and
               Jomi Fred H{\"u}bner and
               Laurent Vercouter},
  title     = {A logic of trust and reputation},
  journal   = {Logic Journal of the IGPL},
  volume    = {18},
  number    = {1},
  year      = {2010},
  pages     = {214-244},
  ee        = {http://dx.doi.org/10.1093/jigpal/jzp077},
  bibsource = {DBLP, http://dblp.uni-trier.de}
}

@book{AHV,
  author    = {S. Abiteboul and
               R. Hull and
               V. Vianu},
  title     = {Foundations of Databases},
  publisher = {Addison-Wesley},
  year      = {1995},
  isbn      = {0-201-53771-0}
}

@inproceedings{TanProv,
 author = {Bhagwat, Deepavali and Chiticariu, Laura and Tan, Wang-Chiew and Vijayvargiya, Gaurav},
 title = {An annotation management system for relational databases},
 booktitle = {VLDB},
 year = {2004}
}

@article{TheoharisFKC11,
  author    = {Yannis Theoharis and
               Irini Fundulaki and
               Grigoris Karvounarakis and
               Vassilis Christophides},
  title     = {On Provenance of Queries on Semantic Web Data},
  journal   = {IEEE Internet Computing},
  volume    = {15},
  number    = {1},
  year      = {2011},
  pages     = {31-39}
}


@article{klug,
 author = {Klug, A.},
 title = {On conjunctive queries containing inequalities},
 journal = {J. ACM},
 volume = {35},
 number = {1},
 year = {1988}
 }


@article{ProvenanceBuneman,
  author    = {P. Buneman and
               J. Cheney and
               S. Vansummeren},
  title     = {On the expressiveness of implicit provenance in query and
               update languages},
  journal   = {ACM Trans. Database Syst.},
  volume    = {33},
  number    = {4},
  year      = {2008}
}

@inproceedings{GreenTannen07,
  author    = {T. J. Green and
               G. Karvounarakis and
               V. Tannen},
  title     = {Provenance semirings},
  booktitle = {Proc. of PODS},
  year      = {2007}
}

@inproceedings{GreenIcdt09,
 author = {Green, T.J.},
 title = {Containment of conjunctive queries on annotated relations},
 booktitle = {ICDT},
 year = {2009}
}

@inproceedings{ChandraMerlin,
  author    = {A. K. Chandra and
               P. M. Merlin},
  title     = {Optimal Implementation of Conjunctive Queries in Relational
               Data Bases},
  booktitle = {STOC},
  year      = {1977}
}


@article{CohenNuttSagiv,
  author    = {S. Cohen and
               W. Nutt and
               Y. Sagiv},
  title     = {Rewriting queries with arbitrary aggregation functions using
               views},
  journal   = {ACM Trans. Database Syst.},
  volume    = {31},
  number    = {2},
  year      = {2006},
  pages     = {672-715}
}

@article{SagivYannakakis,
  author    = {Y. Sagiv and
               M. Yannakakis},
  title     = {Equivalences Among Relational Expressions with the Union
               and Difference Operators},
  journal   = {J. ACM},
  volume    = {27},
  number    = {4},
  year      = {1980},
  pages     = {633-655}
  }


@inproceedings{KolaitisVardi,
 author = {Kolaitis, P. G. and Vardi, M. Y.},
 title = {Conjunctive-query containment and constraint satisfaction},
 booktitle = {Proc. of PODS},
 year = {1998},
 isbn = {0-89791-996-3},
 pages = {205--213},
 }

 @article{Fagin05,
 author = {Fagin, R. and Kolaitis, P.G. and Popa, L.},
 title = {Data exchange: getting to the core},
 journal = {ACM Trans. Database Syst.},
 volume = {30},
 year = {2005},
 issn = {0362-5915},
 pages = {174--210},
}

@inproceedings{orchestra07,
 author = {Green, T.J. and Karvounarakis, G. and Taylor, N. E. and Biton, O. and Ives, Z. and Tannen, V.},
 title = {ORCHESTRA: facilitating collaborative data sharing},
 booktitle = {Proc.of SIGMOD},
 year = {2007},
}

@unpublished{Complete,
 author = {Karvounarakis, G. and Tannen, V.},
 title = {Conjunctive Queries and Mappings with Unequalities},
 year = {2008},
 note= {Technical report}
}


@article{orchestra08,
 author = {Ives, Z. and Green, T. J. and Karvounarakis, G. and Taylor, N. E. and Tannen, V. and Talukdar, P. and Jacob, M.
 and Pereira, F.},
 title = {The ORCHESTRA Collaborative Data Sharing System},
 journal = {SIGMOD Rec.},
 volume = {37},
 year = {2008},
 issn = {0163-5808},
 pages = {26--32}
}

@inproceedings{EfficientMinimization,
 author = {Tatarinov, I. and Halevy, A.},
 title = {Efficient query reformulation in peer data management systems},
 booktitle = {SIGMOD},
 year = {2004}
}

@inproceedings{EfficientMinimization2,
   author = {Chekuri, C. and Rajaraman, A.},
   affiliation = {Stanford University Department of Computer Science USA USA},
   title = {Conjunctive query containment revisited},
   booktitle = {ICDT},
   year = {1997}
}
@inproceedings{cohen,
  author    = {S. Cohen},
  title     = {Equivalence of queries combining set and bag-set semantics},
  booktitle = {PODS},
  year      = {2006},
  pages     = {70-79}
}

@inproceedings{Afrati,
  author    = {F. N. Afrati and
               C. Li and
               P. Mitra},
  title     = {On Containment of Conjunctive Queries with Arithmetic Comparisons},
  booktitle = {EDBT},
  year      = {2004}
}



@article{VC,
  author    = {S. Vansummeren and
               J. Cheney},
  title     = {Recording Provenance for SQL Queries and Updates},
  journal   = {IEEE Data Eng. Bull.},
  volume    = {30},
  number    = {4},
  year      = {2007},
  pages     = {29-37},
  ee        = {http://sites.computer.org/debull/A07dec/stijn.pdf},
  bibsource = {DBLP, http://dblp.uni-trier.de}
}

@inproceedings{UpdateExchange,
 author = {Green, T. J. and Karvounarakis, G. and Ives, Z. and Tannen, V.},
 title = {Update exchange with mappings and provenance},
 booktitle = {VLDB},
 year = {2007},
}

@inproceedings{Calvanese,
 author = {Calvanese, D. and De Giacomo, G. and Lenzerini, M.},
 title = {On the decidability of query containment under constraints},
 booktitle = {PODS},
 year = {1998}
 }

@inproceedings{DE3,
  author    = {L. Libkin and
               C. Sirangelo},
  title     = {Open and Closed World Assumptions in Data Exchange},
  booktitle = {Description Logics},
  year      = {2009}
}

@article{yogesh,
 author = {Simmhan, Y. L. and Plale, B. and Gannon, D.},
 title = {A survey of data provenance in e-science},
 journal = {SIGMOD Rec.},
 volume = {34},
 issue = {3},
 month = {September},
 year = {2005}
}


@inproceedings{Jag,
  author    = {A. Chapman and
               H. V. Jagadish and
               P. Ramanan},
  title     = {Efficient provenance storage},
  booktitle = {SIGMOD Conference},
  year      = {2008}
}



@book{DataExchangeBook,
  author    = {M. Arenas and
               P. Barcel{\'o} and
               L. Libkin and
               F. Murlak},
  title     = {Relational and XML Data Exchange},
  publisher = {Morgan {\&} Claypool Publishers},
  series    = {Synthesis Lectures on Data Management},
  year      = {2010}
}



@inproceedings{SemiRing,
    author = {W. Kuich},
    title = {Semirings and formal power series},
    booktitle = {Handbook of Formal Languages},
    year = {1997}
}

@misc{GottlobInformal,
  author =       "Gottlob, G.",
  note =         "private communication",
  year =         {2010}
}


@inproceedings{Why,
  author    = {P. Buneman and
               S. Khanna and
               W.C. Tan},
  title     = {Why and Where: A Characterization of Data Provenance},
  booktitle = {ICDT},
  year      = {2001}
}


@inproceedings{CheneyProvenance,
  author    = {J. Cheney and
               S. Chong and
               N. Foster and
               M. I. Seltzer and
               S. Vansummeren},
  title     = {Provenance: a future history},
  booktitle = {Proc. of OOPSLA},
  year      = {2009}
}

@article{Trio,
  author    = {O. Benjelloun and
               A.D. Sarma and
               A.Y. Halevy and
               M. Theobald and
               J. Widom},
  title     = {Databases with uncertainty and lineage},
  journal   = {VLDB J.},
  volume    = {17},
  year      = {2008},
  pages     = {243-264}
}

@inproceedings{Boon,
  author    = {W. Zhou and
               M. Sherr and
               T. Tao and
               X. Li and
               B. T. Loo and
               Y. Mao},
  title     = {Efficient querying and maintenance of network provenance
               at internet-scale},
  booktitle = {SIGMOD Conference},
  year      = {2010}
}

@article{whynot,
  author    = {A. Meliou and
               W. Gatterbauer and
               K. F. Moore and
               D. Suciu},
  title     = {The Complexity of Causality and Responsibility for Query
               Answers and non-Answers},
  journal   = {PVLDB},
  volume    = {4},
  number    = {1},
  year      = {2010}
}

@inproceedings{ExchangeGiacomo,
  author    = {De Giacomo, G. and Lembo, D. and Lenzerini, M. and Rosati, R.},
  title     = {On reconciling data exchange, data integration, and peer
               data management},
  booktitle = {PODS},
  year      = {2007}
}

@article{CuiWidomWiener00,
 author = {Y. Cui and J. Widom and J.L. Wiener},
 title = {Tracing the lineage of view data in a warehousing environment},
 journal = TODS,
 volume = 25,
 number = 2,
 year = 2000
}
@inproceedings{GKT-PODS07,
  author    = {T.J. Green and
               G. Karvounarakis and
               V. Tannen},
  title     = {Provenance semirings},
  booktitle = {PODS},
  year      = {2007}
}
@inproceedings{GKIT-VLDB07,
  author    = {T.J. Green and
               G. Karvounarakis and
               Z. Ives and
               V. Tannen},
  title     = {Update exchange with mappings and provenance},
  booktitle = {VLDB},
  year      = {2007}
}


@article{CohenSigRec,
  author    = {S. Cohen},
  title     = {Containment of aggregate queries},
  journal   = {SIGMOD Record},
  volume    = {34},
  number    = {1},
  year      = {2005}
}

@article{Workflows2,
  author    = {E. Deelman and
               G. Singh and
               M. Su and
               et. Al},
  title     = {Pegasus: A framework for mapping complex scientific workflows
               onto distributed systems},
  journal   = {Scientific Programming},
  volume    = {13},
  number    = {3},
  year      = {2005}
}


@article{DeshpandeVLDB09,
 author = {Li, J. and Saha, B. and Deshpande, A.},
 title = {A unified approach to ranking in probabilistic databases},
 journal = {Proc. VLDB},
 volume = {2},
 issue = {1},
 year = {2009}
}


@inproceedings{ReHaving,
 author = {R\'{e}, C. and Suciu, D.},
 title = {Efficient evaluation of HAVING queries on a probabilistic database},
 booktitle = {DBPL},
 year = {2007}
}




@article{ProbAggIlyas,
 author = {Soliman, M. A. and Ilyas, I. F. and Chang, K.},
 title = {Probabilistic top-k and ranking-aggregate queries},
 journal = {ACM Trans. Database Syst.},
 volume = {33},
 issue = {3},
 month = {September},
 year = {2008}
}


@inproceedings{Susan,
  author    = {Z. Bao and
               S. B. Davidson and
               S. Khanna and
               S. Roy},
  title     = {An optimal labeling scheme for workflow provenance using
               skeleton labels},
  booktitle = {SIGMOD Conference},
  year      = {2010}
}


@inproceedings{Tapp11,
  author    = {Y. Amsterdamer and D. Deutch and
               V. Tannen},
  title     = {On the Limitations of Provenance for Queries With Difference},
  booktitle = {Tapp},
  year      = {2011}
}


@inproceedings{pods11,
  author    = {Y. Amsterdamer and D. Deutch and
               V. Tannen},
  title     = {Provenance for Aggregate Queries},
  booktitle = {PODS},
  year      = {2011}
}


@inproceedings{FGT-PODS08,
  author    = {J.N. Foster and T.J. Green and
               V. Tannen},
  title     = {Annotated {XML}: queries and provenance},
  booktitle = {PODS},
  year      = {2008}
}
@inproceedings{G-ICDT09,
  author    = {T.J. Green},
  title     = {Containment of conjunctive queries on annotated relations},
  booktitle    = {ICDT},
  year      = {2009}
}
@phdthesis{G-Thesis,
  author    = {T.J. Green},
  title     = {Collaborative data sharing with mappings and provenance},
  school    = {University of Pennsylvania},
  year      = {2009}
}
@inproceedings{GIT-ICDT09,
  author    = {T.J. Green and Z. Ives and
               V. Tannen},
  title     = {Reconcilable differences},
  booktitle = {ICDT},
  year      = {2009}
}
@inproceedings{GMS-SIGMOD93,
  author    = {A. Gupta and
               I.S. Mumick and
               V.S. Subrahmanian},
  title     = {Maintaining Views Incrementally},
  booktitle = {SIGMOD},
  year      = {1993}
}
@article{DBLP:journals/jiis/LechtenborgerSV02,
  author    = {J. Lechtenb{\"o}rger and
               H. Shu and
               G. Vossen},
  title     = {Aggregate Queries Over Conditional Tables},
  journal   = {J. Intell. Inf. Syst.},
  volume    = {19},
  number    = {3},
  year      = {2002}
}
@inproceedings{DBLP:conf/ctcs/LellahiT97,
  author    = {S.K. Lellahi and
               V. Tannen},
  title     = {A calculus for collections and aggregates},
  booktitle = {Cat. Theory and Comp. Science},
  year      = {1997}
}


@article{FR97,
 author    = {N. Fuhr and
              T. R{\"o}lleke},
 title     = {A Probabilistic Relational Algebra for the Integration of
              Information Retrieval and Database Systems},
 journal   = {ACM Trans. Inf. Syst.},
 volume    = {15},
 number    = {1},
 year      = {1997}
}

@article{Z97,
 author    = {E. Zim{\'a}nyi},
 title     = {Query Evaluation in Probabilistic Relational Databases},
 journal   = {Theor. Comput. Sci.},
 volume    = {171},
 number    = {1-2},
 year      = {1997}
}


@article{CheneyProvenance,
  author    = {S. Vansummeren and
               J. Cheney},
  title     = {Recording Provenance for SQL Queries and Updates},
  journal   = {IEEE Data Eng. Bull.},
  volume    = {30},
  number    = {4},
  year      = {2007}
}

@inproceedings{Userssemiring3,
  author    = {J. Cheney and
               S. Chong and
               N. Foster and
               M. I. Seltzer and
               S. Vansummeren},
  title     = {Provenance: a future history},
  booktitle = {OOPSLA Companion},
  year      = {2009}
}

@article{Userssemiring4,
author = {B. Liu and L. Chiticariu and V. Chu and H.V. Jagadish and F. Reiss},
title = {Refining Information Extraction Rules using Data Provenance},
journal   = {IEEE Data Eng. Bull.},
volume = {33},
number = {3},
year = {2010}
}


@inproceedings{Userssemiring5,
 author = {Green, T.J. and Karvounarakis, G. and Taylor, N. E. and Biton, O. and Ives, Z. and Tannen, V.},
 title = {ORCHESTRA: facilitating collaborative data sharing},
 booktitle = {Proc. of SIGMOD},
 year = {2007},
}


@book{AHV,
  author    = {S. Abiteboul and
               R. Hull and
               V. Vianu},
  title     = {Foundations of Databases},
  publisher = {Addison-Wesley},
  year      = {1995},
  isbn      = {0-201-53771-0}
}

@inproceedings{ValPods07,
  author    = {T. J. Green and
               G. Karvounarakis and
               V. Tannen},
  title     = {Provenance semirings},
  booktitle = {Proc. of PODS},
  year      = {2007}
}

@inproceedings{ProvGraphs,
  author    = {Grigoris Karvounarakis and
               Zachary G. Ives and
               Val Tannen},
  title     = {Querying data provenance},
  booktitle = {SIGMOD Conference},
  year      = {2010},
  pages     = {951-962}
}

@article{vldb10a,
  author    = {Daniel Deutch and
               Ohad Greenshpan and
               Tova Milo},
  title     = {Navigating in Complex Mashed-Up Applications},
  journal   = {PVLDB},
  volume    = {3},
  number    = {1},
  year      = {2010},
  pages     = {320-329}
}

@article{vldb10b,
  author    = {Daniel Deutch and
               Tova Milo and
               Neoklis Polyzotis and
               Tom Yam},
  title     = {Optimal Top-K Query Evaluation for Weighted Business Processes},
  journal   = {PVLDB},
  volume    = {3},
  number    = {1},
  year      = {2010}
}

@article{vldb09,
  author    = {Daniel Deutch and
               Tova Milo and
               Tom Yam},
  title     = {Goal-Oriented Web-site Navigation for On-line Shoppers},
  journal   = {PVLDB},
  volume    = {2},
  number    = {2},
  year      = {2009}
}

@inproceedings{webdb11,
  author    = {Yael Amsterdamer and
               Daniel Deutch and
               Tova Milo},
  title     = {On the Optimality of Top-k Algorithms for Interactive Web Applications},
  booktitle = {WebDB},
  year      = {2011}
}

@inproceedings{ValIcdt09,
  author    = {T. J. Green and
               Z. G. Ives and
               V. Tannen},
  title     = {Reconcilable differences},
  booktitle = {ICDT},
  year      = {2009}
}

@article{NuttCohenSagiv,
  author    = {S. Cohen and
               W. Nutt and
               Y. Sagiv},
  title     = {Rewriting queries with arbitrary aggregation functions using
               views},
  journal   = {ACM Trans. Database Syst.},
  volume    = {31},
  number    = {2},
  year      = {2006}
}


@article{ProvenanceBuneman,
  author    = {P. Buneman and
               J. Cheney and
               S. Vansummeren},
  title     = {On the expressiveness of implicit provenance in query and
               update languages},
  journal   = {ACM Trans. Database Syst.},
  volume    = {33},
  number    = {4},
  year      = {2008}
}


@inproceedings{Why,
  author    = {P. Buneman and
               S. Khanna and
               W.C. Tan},
  title     = {Why and Where: A Characterization of Data Provenance},
  booktitle = {ICDT},
  year      = {2001}
}


@article{whynot,
  author    = {A. Meliou and
               W. Gatterbauer and
               K. F. Moore and
               D. Suciu},
  title     = {The Complexity of Causality and Responsibility for Query
               Answers and non-Answers},
  journal   = {PVLDB},
  volume    = {4},
  number    = {1},
  year      = {2010}
}


@article{Trio,
  author    = {O. Benjelloun and
               A.D. Sarma and
               A.Y. Halevy and
               M. Theobald and
               J. Widom},
  title     = {Databases with uncertainty and lineage},
  journal   = {VLDB J.},
  volume    = {17},
  year      = {2008}
}

@article{KO2,
  author    = {L. Antova and
               C. Koch and
               D. Olteanu},
  title     = {10$^{\mbox{(10$^{\mbox{6}}$)}}$ worlds and beyond: efficient representation
               and processing of incomplete information},
  journal   = {VLDB J.},
  volume    = {18},
  number    = {5},
  year      = {2009}
}

@article{suciu,
  author    = {Nilesh N. Dalvi and
               Christopher R{\'e} and
               Dan Suciu},
  title     = {Probabilistic databases: diamonds in the dirt},
  journal   = {Commun. ACM},
  volume    = {52},
  number    = {7},
  year      = {2009}
}




@article{KO,
  author    = {C. Koch and
               D. Olteanu},
  title     = {Conditioning probabilistic databases},
  journal   = {PVLDB},
  volume    = {1},
  number    = {1},
  year      = {2008}
}



@article{IL84,
  author    = {T. Imielinski and
               W. Lipski},
  title     = {Incomplete Information in Relational Databases},
  journal   = {J. ACM},
  volume    = {31},
  number    = {4},
  year      = {1984}
}

@inproceedings{K-PODS10,
  author    = {C. Koch},
  title     = {Incremental query evaluation in a ring of databases},
  booktitle = {PODS},
  year      = {2010}
}

@inproceedings{PracticalProvUses,
 author = {Pediaditis, P. and Flouris, G. and Fundulaki, I. and Christophides, V.},
 title = {On explicit provenance management in RDF/S graphs},
 booktitle = {First workshop on Theory and practice of provenance},
 year = {2009}
}

@article{Irini,
author = {Y. Theoharis and I. Fundulaki and G. Karvounarakis and V. Christophides},
title = {On Provenance of Queries on Semantic Web Data},
journal ={IEEE Internet Computing},
volume = {99},
number = {PrePrints},
year = {2010}
}

@inproceedings{Boon,
  author    = {W. Zhou and
               M. Sherr and
               T. Tao and
               X. Li and
               B. T. Loo and
               Y. Mao},
  title     = {Efficient querying and maintenance of network provenance
               at internet-scale},
  booktitle = {SIGMOD Conference},
  year      = {2010}
}



@article{Userssemiring6,
 author = {Huang, J. and Chen, T. and Doan, A. and Naughton, J. F.},
 title = {On the provenance of non-answers to queries over extracted data},
 journal = {Proc. VLDB},
 volume = {1},
 issue = {1},
 year = {2008}
}

@article{PigPaper,
title={Putting Lipstick on a Pig: Enabling Database-Style Workflow provenance},
author={Y. Amsterdamer and S. Davidson and D. Deutch and T. Milo and J. Stoyanovitch and V. Tannen},
journal = {Proc. VLDB},
volume = {5},
year={2011}
}

@inproceedings{Olteanuicdt12,
title={Factorised Representations of Query Results: Size Bounds and Readability},
author={D. Olteanu and J. Zavodny},
booktitle = {ICDT},
year={2012},
note={To appear}
}




@article{GeertsPoggi,
  author    = {F. Geerts and
               A. Poggi},
  title     = {On database query languages for K-relations},
  journal   = {J. Applied Logic},
  volume    = {8},
  number    = {2},
  year      = {2010}
}
@article{BNTW95,
  author    = {P. Buneman and
               S. Naqvi and
               V. Tannen and
               L. Wong},
  title     = {Principles of Programming with Complex Objects and Collection
               Types},
  journal   = {TCS},
  volume    = {149},
  number    = {1},
  year      = {1995}
}


@article{CheneyTan,
  author    = {J. Cheney and
               L. Chiticariu and
               W. C. Tan},
  title     = {Provenance in Databases: Why, How, and Where},
  journal   = {Foundations and Trends in Databases},
  volume    = {1},
  number    = {4},
  year      = {2009}
}

@inproceedings{Sigmod10Boon,
 author = {Zhou, W. and Sherr, M. and Tao, T. and Li, X. and Loo, B. T. and Mao, Y.},
 title = {Efficient querying and maintenance of network provenance at internet-scale},
 booktitle = {SIGMOD},
 year = {2010}
}

@inproceedings{Soul,
 author = {S., Issam and F., Adrian and S., Vladimiro},
 title = {A formal model of provenance in distributed systems},
 booktitle = {First workshop on on Theory and practice of provenance},
 year = {2009}
}

@inproceedings{FA,
  author    = {Foto N. Afrati and
               Angelos Vasilakopoulos},
  title     = {Managing Lineage and Uncertainty under a Data Exchange Setting},
  booktitle = {SUM},
  year      = {2010}
}

@inproceedings{Archer,
 author = {Archer, David W. and Delcambre, Lois M. L. and Maier, D.},
 title = {A framework for fine-grained data integration and curation, with provenance, in a dataspace},
 booktitle = {First workshop on on Theory and practice of provenance},
 year = {2009}
}

@inproceedings{namedGraphs,
  address = {New York, NY, USA},
  author = {Jeremy J. Carroll and Christian Bizer and Pat Hayes and Patrick Stickler},
  booktitle = {WWW '05: Proceedings of the 14th international conference on World Wide Web},
  pages = {613--622},
  publisher = {ACM},
  title = {Named graphs, provenance and trust},
  year = 2005
}

@inproceedings{additivewatermarking,
  AUTHOR = {Fabian M. Suchanek and David Gross-Amblard},
  TITLE = {Adding Fake Facts to Ontologies},
  BOOKTITLE = {Demo at the International World Wide Web Conference},
PUBLISHER = {ACM},
  YEAR = {2010}
}

@INPROCEEDINGS{subtractivewatermarking,
 author = {Fabian M. Suchanek and David Gross-Amblard and Serge Abiteboul},
 title = {Watermarking for Ontologies},
 booktitle = {ISWC 2011: Proceedings of the 10th International Semantic Web Conference},
 year = {2011},
 location = {Bonn, Germany}
}

@inproceedings{knowitall,
author = {Oren Etzioni and Michael Cafarella and Doug Downey and Stanley Kok and Ana-Maria Popescu and Tal Shaked and Stephen Soderland and Daniel S. Weld and Alexander Yates},
 title = {Web-scale information extraction in knowitall: (preliminary results)},
 booktitle = "World Wide Web Conference",
 year = {2004},
 isbn = {1-58113-844-X},
 pages = {100--110},
 location = {New York, NY, USA},
 doi = {http://doi.acm.org/10.1145/988672.988687},
 publisher = {ACM},
 address = {New York, NY, USA},
 }

@inproceedings{sofie,
 author = {Fabian M. Suchanek and Mauro Sozio and Gerhard Weikum},
 title = {{SOFIE: A Self-Organizing Framework for Information Extraction}},
 booktitle = {International World Wide Web conference (WWW 2009)},
 year = {2009},
 location = {Madrid, Spain},
 publisher = {ACM Press},
 address = {New York, NY, USA}
}

@inproceedings{prospera,
 author = {Nakashole, Ndapandula and Theobald, Martin and Weikum, Gerhard},
 title = {Scalable knowledge harvesting with high precision and high recall},
 booktitle = {Proceedings of the fourth ACM international conference on Web search and data mining},
 series = {WSDM '11},
 year = {2011},
 isbn = {978-1-4503-0493-1},
 location = {Hong Kong, China},
 pages = {227--236},
 numpages = {10},
 url = {http://doi.acm.org/10.1145/1935826.1935869},
 doi = {http://doi.acm.org/10.1145/1935826.1935869},
 acmid = {1935869},
 publisher = {ACM},
 address = {New York, NY, USA},
 keywords = {information extraction, knowledhe harvesting, scalability},
}

@inproceedings{nell, Title = {Coupled Semi-Supervised Learning for Information Extraction}, Author = {Andrew Carlson and Justin Betteridge and Richard C. Wang and Estevam R. Hruschka Jr. and Tom M. Mitchell}, Booktitle = {Proceedings of the Third ACM International Conference on Web Search and Data Mining (WSDM 2010)}, Year = {2010}}

@inproceedings{yago,
AUTHOR = {Suchanek, Fabian M. and Kasneci, Gjergji and Weikum, Gerhard},
EDITOR = {Williamson, Carey L. and Zurko, Mary Ellen and Patel-Schneider, Peter F. Shenoy, Prashant J.},
TITLE = {{YAGO}: A Core of Semantic Knowledge - Unifying {WordNet} and {Wikipedia}},
BOOKTITLE = "World Wide Web Conference",
PUBLISHER = {ACM},
YEAR = {2007},
PAGES = {697--706},
ADDRESS = {Banff, Canada},
ISBN = {978-1-59593-654-7},
}

@inproceedings{dbpedia,
title = {{DBpedia: A Nucleus for a Web of Open Data}},
author = {S{\"o}ren Auer and Christian Bizer and Georgi Kobilarov and Jens Lehmann and Richard Cyganiak and Zachary G. Ives},
booktitle = "International Semantic Web Conference",
pages = {722-735},
publisher = {Springer},
address={Berlin, Germany},
series = "Lecture Notes in Computer Science",
volume = {4825},
year = {2007},
}

@article{yago2,
  AUTHOR = {Hoffart, Johannes and Suchanek, Fabian M. and Berberich, Klaus and Weikum, Gerhard},
  TITLE = {YAGO2: a spatially and temporally enhanced knowledge base from Wikipedia},
  Journal = {Artificial Intelligence Journal, Special Issue on Artificial Intelligence, Wikipedia and Semi-Structured Resources},
  YEAR = {2012}
  }