@incollection{usir1753,
          number = {5194},
          author = {T Mamer and CH Bryant and JM McCall},
          series = {Lecture notes in artificial intelligence},
            note = {Paper originally presented at the 18th International Conference, ILP 2008 Prague, Czech Republic, September 10-12 2008},
       booktitle = {Inductive logic programming},
          editor = {F Zelezny and N Lavrac},
           title = {L-modified ILP evaluation functions for positive-only biological grammar learning},
         address = {Berlin / Heidelberg, Germany},
       publisher = {Springer-Verlag},
            year = {2008},
           pages = {176--191},
        keywords = {inductive logic programming (ILP), biological grammar induction, machine learning, minimum description length (MDL) },
             url = {http://usir.salford.ac.uk/1753/},
        abstract = {We identify a shortcoming of a standard positive-only clause evaluation function within the context of learning biological grammars. To overcome this shortcoming we propose L-modification, a modification to this evaluation function such that the lengths of individual examples are considered. We use a set of bio-sequences known as neuropeptide precursor middles (NPP-middles). Using
L-modification to learn from these NPP-middles results in induced grammars that have a better performance than that achieved when using the standard positive-only clause evaluation function. We also show that L-modification improves the performance of induced grammars when learning on short, medium or long NPPs-middles. A potential disadvantage of L-modification is discussed. Finally, we show that, as the limit on the search space size increases, the greater is the increase in predictive performance arising from L-modification.}
}
@InProceedings{ LavCesDze92-ECAI92WS,
	Author = "N. Lavra\v{c} and B. Cestnik and S. D\v{z}eroski",
	Title = "Search heuristics in empirical inductive logic programming",
	Booktitle = ECAI92WS,
	Editor = "C. Rouveirol",
	Year = 1992
}
@inproceedings{DBLP:conf/ekaw/dAmatoBS12,
  author    = {Claudia d'Amato and
               Volha Bryl and
               Luciano Serafini},
  title     = {Semantic Knowledge Discovery from Heterogeneous Data Sources},
  booktitle = {EKAW},
  year      = {2012},
  pages     = {26-31},
  ee        = {http://dx.doi.org/10.1007/978-3-642-33876-2_5}
}

@article{DBLP:journals/datamine/RettingerLTdF12,
  author    = {Achim Rettinger and
               Uta L{\"o}sch and
               Volker Tresp and
               Claudia d'Amato and
               Nicola Fanizzi},
  title     = {Mining the Semantic Web - Statistical learning for next
               generation knowledge bases},
  journal   = {Data Min. Knowl. Discov.},
  volume    = {24},
  number    = {3},
  year      = {2012},
  pages     = {613-662},
  ee        = {http://dx.doi.org/10.1007/s10618-012-0253-2},
  bibsource = {DBLP, http://dblp.uni-trier.de}
}
@article{DBLP:journals/tplp/Lisi08,
  author    = {Francesca A. Lisi},
  title     = {Building Rules on Top of Ontologies for the Semantic Web
               with Inductive Logic Programming},
  journal   = {TPLP},
  volume    = {8},
  number    = {3},
  year      = {2008},
  pages     = {271-300},
  ee        = {http://dx.doi.org/10.1017/S1471068407003195},
  bibsource = {DBLP, http://dblp.uni-trier.de}
}

@inproceedings{DBLP:conf/semweb/dAmatoBS12,
  author    = {Claudia d'Amato and
               Volha Bryl and
               Luciano Serafini},
  title     = {Data-Driven Logical Reasoning},
  booktitle = {URSW},
  year      = {2012}
}

@INPROCEEDINGS{yago2s,
  AUTHOR = {Fabian M. Suchanek and Johannes Hoffart and Erdal Kuzey and Edwin Lewis-Kelham},
  TITLE = {{YAGO2s: Modular High-Quality Information Extraction}},
  YEAR = {2013},
  BOOKTITLE = {German Database Symposium (BTW)}
}

@article{rdf3x,
 author = {Neumann, Thomas and Weikum, Gerhard},
 title = "{RDF-3X: a RISC-style engine for RDF}",
 journal = {Proc. VLDB Endow.},
 volume = {1},
 number = {1},
 month = aug,
 year = {2008},
 issn = {2150-8097},

 numpages = {13},
 url = {http://dl.acm.org/citation.cfm?id=1453856.1453927},
 acmid = {1453927},
} 

@article{PARIS,
 author   = {Fabian M. Suchanek and Serge Abiteboul and Pierre Senellart},
 title    = {{PARIS: Probabilistic Alignment of Relations, Instances, and Schema}},
 journal  = {PVLDB},
 volume   = {5},
 number   = {3},
 year     = {2011},

}

@article{yago2,
  AUTHOR = {Hoffart, Johannes and Suchanek, Fabian M. and Berberich, Klaus and Weikum, Gerhard},
  TITLE = "{YAGO2: a spatially and temporally enhanced knowledge base from Wikipedia}",
  Journal = {Artificial Intelligence Journal},
  YEAR = {2013}
  }

@misc{sparql,
 author = {{World Wide Web Consortium}},
 note = {\url{http://www.w3.org/TR/rdf-sparql-query/}},
 title = {{SPARQL Query Language for RDF (W3C Recommendation 2008-01-15)}},
}

@misc{rdf,
 title={{RDF Primer (W3C Recommendation 2004-02-10)}},
 howpublished={\url{http://www.w3.org/TR/rdf-primer/}},
 author={{Word Wide Web Consortium}},
 year=2004
}

@misc{freebase,
  title="The Freebase project",
  author={Metaweb Technologies},
  howpublished={\url{http://freebase.com}},
  accessdate={2007-11-27}
}

@inproceedings{dbpedia,
title = {{DBpedia}: A Nucleus for a {W}eb of Open Data},
author = {S{\"o}ren Auer and Christian Bizer and Georgi Kobilarov and Jens Lehmann and Richard Cyganiak and Zachary G. Ives},
booktitle = {ISWC},
year = {2007}
}

@inproceedings{cyc,
   author = {Cynthia Matuszek and John Cabral and Michael Witbrock and John Deoliveira},
    title = "{An introduction to the syntax and content of {Cyc}}",
    booktitle = {AAAI Spring Symposium},
    year = {2006},
}

@inproceedings{SucKasWei07,
 author = {Suchanek, Fabian M. and Kasneci, Gjergji and Weikum, Gerhard},
 title = {Yago: a core of semantic knowledge},
 booktitle = {WWW},
 year = {2007},
 isbn = {978-1-59593-654-7},

 numpages = {10},
 url = {http://doi.acm.org/10.1145/1242572.1242667},
 doi = {10.1145/1242572.1242667},
 acmid = {1242667},
}

@inproceedings{SriAgr95,
 author = {Srikant, Ramakrishnan and Agrawal, Rakesh},
 title = {Mining Generalized Association Rules},
 booktitle = {Proceedings of the 21th International Conference on Very Large Data Bases},
 series = {VLDB},
 year = {1995},
 isbn = {1-55860-379-4},

 numpages = {13},
 url = {http://dl.acm.org/citation.cfm?id=645921.673304},
 acmid = {673304},
} 


@inproceedings{AgrImiSwa93,
 author = {Agrawal, R. and Imieli\'{n}ski, T. and Swami, A.},
 title = {Mining association rules between sets of items in large databases},
 booktitle = {SIGMOD},
 year = {1993},
 isbn = {0-89791-592-5},

 numpages = {10},
 url = {http://doi.acm.org/10.1145/170035.170072},
 doi = {10.1145/170035.170072},
 acmid = {170072},
} 

@inproceedings{TalWijMit12,
author = {Partha Pratim Talukdar and Derry Wijaya and Tom Mitchell},
title = { Acquiring Temporal Constraints between Relations},
year = { 2012 },
booktitle = {CIKM},
}

@incollection{DehToi00,
 author = {Dehaspe, Luc and Toironen, Hannu},
 title = {Discovery of relational association rules},
 booktitle = {Relational Data Mining},
 year = {2000},
 isbn = {3-540-42289-7},

 numpages = {20},
 url = {http://dl.acm.org/citation.cfm?id=567222.567232},
 acmid = {567232},
 publisher = {Springer-Verlag New York, Inc.},
} 

@article{DehToi99,
 author = {Dehaspe, Luc and Toivonen, Hannu},
 title = "{Discovery of frequent DATALOG patterns}",
 journal = {Data Min. Knowl. Discov.},
 volume = {3},
 number = {1},
 month = mar,
 year = {1999},
 issn = {1384-5810},

 numpages = {30},
 url = {http://dx.doi.org/10.1023/A:1009863704807},
 doi = {10.1023/A:1009863704807},
 acmid = {593475},
 publisher = {Kluwer Academic Publishers},
}

@incollection {GoeVan02,
   author = {Goethals, Bart and Van den Bussche, Jan},
   title = "{Relational Association Rules: Getting WARMER}",
   booktitle = {Pattern Detection and Discovery},
   publisher = {Springer Berlin / Heidelberg},
   isbn = {978-3-540-44148-9},
  
   volume = {2447},
   url = {http://dx.doi.org/10.1007/3-540-45728-3_10},
   year = {2002}
}

@article{NebBer12,
  author    = {Victoria Nebot and Rafael Berlanga},
  title     = "{Finding association rules in semantic web data}",
  journal   = {Knowl.-Based Syst.},
  volume    = {25},
  number    = {1},
  year      = {2012},
 
  ee        = {http://dx.doi.org/10.1016/j.knosys.2011.05.009},
  bibsource = {DBLP, http://dblp.uni-trier.de}
}

@inproceedings{KurKar01,
 author = {Kuramochi, Michihiro and Karypis, George},
 title = "{Frequent Subgraph Discovery}",
 booktitle = {ICDM},
 year = {2001},
 isbn = {0-7695-1119-8},

 numpages = {8},
 url = {http://dl.acm.org/citation.cfm?id=645496.658027},
 acmid = {658027},
 publisher = {IEEE Computer Society},
} 

@article{ChiMunNij04,
 author = {Chi, Yun and Muntz, Richard R. and Nijssen, Siegfried and Kok, Joost N.},
 title = "{Frequent Subtree Mining - An Overview}",
 journal = {Fundam. Inf.},
 volume = {66},
 number = {1-2},
 year = {2004},
 issn = {0169-2968},

 numpages = {38},
 url = {http://dl.acm.org/citation.cfm?id=1227174.1227182},
 acmid = {1227182},
 publisher = {IOS Press},
} 

@article{JozLawLuk10,
 author = {Jozefowska, Joanna and Lawrynowicz, Agnieszka and Lukaszewski, Tomasz},
 title = "{The role of semantics in mining frequent patterns from knowledge bases in description logics with rules}",
 journal = {Theory Pract. Log. Program.},
 issue_date = {May 2010},
 volume = {10},
 number = {3},
 year = {2010},
 issn = {1471-0684},

 numpages = {39},
 url = {http://dx.doi.org/10.1017/S1471068410000098},
 doi = {10.1017/S1471068410000098},
 acmid = {1853321},
 publisher = {Cambridge University Press},
} 

@article {AdeRaeBru95,
   author = {Ad{\'e}, Hilde and Raedt, Luc and Bruynooghe, Maurice},
   title = {Declarative bias for specific-to-general ILP systems},
   journal = {Machine Learning},
   publisher = {Springer Netherlands},
   issn = {0885-6125},
   keyword = {Informatik},
  
   volume = {20},
   issue = {1},
   url = {http://dx.doi.org/10.1007/BF00993477},
   year = {1995}
}

@article{JiaTanWan07,
  author    = {Tao Jiang and Ah-Hwee Tan and Ke Wang},
  title     = "{Mining Generalized Associations of Semantic Relations from Textual Web Content}",
  journal   = {IEEE Trans. Knowl. Data Eng.},
  volume    = {19},
  number    = {2},
  year      = {2007},
 
  ee        = {http://dx.doi.org/10.1109/TKDE.2007.36},
  bibsource = {DBLP, http://dblp.uni-trier.de}
}

@inproceedings{NoyMus00,
 author = {Noy, Natalya Fridman and Musen, Mark A.},
 title = "{PROMPT: Algorithm and Tool for Automated Ontology Merging and Alignment}",
 booktitle = {AAAI/IAAI},
 year = {2000},
 isbn = {0-262-51112-6},

 numpages = {6},
 url = {http://dl.acm.org/citation.cfm?id=647288.721118},
 acmid = {721118},
 publisher = {AAAI Press},
} 

@inproceedings{McgFikRic00,
  author    = {Deborah L. McGuinness and
               Richard Fikes and
               James Rice and
               Steve Wilder},
  title     = "{An Environment for Merging and Testing Large Ontologies}",
  booktitle = {KR},
  year      = {2000},
 
  bibsource = {DBLP, http://dblp.uni-trier.de}
}

@inproceedings{StuMae01,
 author = {Stumme, Gerd and Maedche, Alexander},
 title = "{FCA-MERGE: bottom-up merging of ontologies}",
 booktitle = {IJCAI},
 year = {2001},
 isbn = {1-55860-812-5, 978-1-558-60812-2},

 numpages = {6},
 url = {http://dl.acm.org/citation.cfm?id=1642090.1642121},
 acmid = {1642121},
 publisher = {Morgan Kaufmann Publishers Inc.},
} 

@article{VilPerGod09,
 author = {Villaverde, J. and Persson, A. and Godoy, D. and Amandi, A.},
 title = "{Supporting the discovery and labeling of non-taxonomic relationships in ontology learning}",
 journal = {Expert Systems with Applications},
 volume = {36},
 number = {7},
 year = {2009},
 issn = {0957-4174},

 numpages = {7},
 url = {http://dx.doi.org/10.1016/j.eswa.2009.01.048},
 doi = {10.1016/j.eswa.2009.01.048},
 acmid = {1539469},
 publisher = {Pergamon Press, Inc.},
} 

@inproceedings{SchEtzWel10,
 author = {Schoenmackers, Stefan and Etzioni, Oren and Weld, Daniel S. and Davis, Jesse},
 title = "{Learning first-order Horn clauses from web text}",
 booktitle = {EMNLP},
 year = {2010},
 numpages = {11},
 url = {http://dl.acm.org/citation.cfm?id=1870658.1870764},
 acmid = {1870764},
}

@inproceedings{NebLla10,
  author    = {Victoria Nebot and Rafael Berlanga Llavori},
  title     = "{Mining Association Rules from Semantic Web Data}",
  booktitle = {IEA/AIE (2)},
  year      = {2010},
 
  ee        = {http://dx.doi.org/10.1007/978-3-642-13025-0_52},
  bibsource = {DBLP, http://dblp.uni-trier.de}
}

@inproceedings{MaeSta00,
  author    = {Alexander Maedche and Steffen Staab},
  booktitle = {ECAI},
 
  title = "{Discovering Conceptual Relations from Text}",
  year      = {2000},
}

@inproceedings{CimHotSta04,
  author = {Cimiano, Philipp and Hotho, Andreas and Staab, Steffen},
  booktitle = {ECAI},
  title = "{Comparing Conceptual, Divisive and Agglomerative Clustering for Learning Taxonomies from Text}",
  year = 2004
}

@inproceedings{TanKumSri02,
 author = {Tan, Pang-Ning and Kumar, Vipin and Srivastava, Jaideep},
 title = "{Selecting the right interestingness measure for association patterns}",
 booktitle = {KDD},
 year = {2002}
} 

@article{Leh09,
  author = {Lehmann, Jens},
  biburl = {http://www.bibsonomy.org/bibtex/287cadf7f50eaeddb8dfcf1112b5bd63e/aksw},
  description = {publications Jens Lehmann},
  journal = {Journal of Machine Learning Research (JMLR)},
 
  title = "{{DL-Learner:} Learning Concepts in Description Logics}",
  url = {http://www.jmlr.org/papers/volume10/lehmann09a/lehmann09a.pdf},
  volume = 10,
  year = 2009
}

@article{DamFanEsp10,
 author = {d'Amato, Claudia and Fanizzi, Nicola and Esposito, Floriana},
 title = "{Inductive learning for the Semantic Web: What does it buy?}",
 journal = {Semant. web},
 volume = {1},
 number = {1,2},
 month = apr,
 year = {2010},
 issn = {1570-0844},

 numpages = {7},
 url = {http://dl.acm.org/citation.cfm?id=2019445.2019452},
 acmid = {2019452},
 publisher = {IOS Press},
} 

@article{HelLehAue09,
  author    = {Sebastian Hellmann and Jens Lehmann and S{\"o}ren Auer},
  title     = "{Learning of OWL Class Descriptions on Very Large Knowledge Bases}",
  journal   = {Int. J. Semantic Web Inf. Syst.},
  volume    = {5},
  number    = {2},
  year      = {2009},
 
  bibsource = {DBLP, http://dblp.uni-trier.de}
}

@article{DavGuiBri07,
  author    = {J{\'e}r{\^o}me David and
               Fabrice Guillet and
               Henri Briand},
  title     = "{Association Rule Ontology Matching Approach}",
  journal   = {Int. J. Semantic Web Inf. Syst.},
  volume    = {3},
  number    = {2},
  year      = {2007},
 
  ee        = {http://www.igi-pub.com/articles/details.asp?ID=7154},
  bibsource = {DBLP, http://dblp.uni-trier.de}
}

@inproceedings{GriEdwPre04,
  author    = {Gunnar Aastrand Grimnes and
               Peter Edwards and
               Alun D. Preece},
  title     = "{Learning Meta-descriptions of the FOAF Network}",
  booktitle = {ISWC},
  year      = {2004},
 
  ee        = {http://dx.doi.org/10.1007/978-3-540-30475-3_12},
  bibsource = {DBLP, http://dblp.uni-trier.de}
}

@inproceedings{MaeZac02,
 author = {Maedche, Alexander and Zacharias, Valentin},
 title = "{Clustering Ontology-Based Metadata in the Semantic Web}",
 booktitle = {PKDD},
 year = {2002},
 isbn = {3-540-44037-2},

 numpages = {13},
 url = {http://dl.acm.org/citation.cfm?id=645806.670157},
 acmid = {670157},
} 

@inproceedings{VoeNie11,
 author = {V\"{o}lker, Johanna and Niepert, Mathias},
 title = "{Statistical schema induction}",
 booktitle = {ESWC},
 year = {2011},
 isbn = {978-3-642-21033-4},

 numpages = {15},
 url = {http://dl.acm.org/citation.cfm?id=2008892.2008904},
 acmid = {2008904},
} 

@article{KotsiatnisARSurvey,
    author = {Kotsiantis, Sotiris and Kanellopoulos, Dimitris},
    journal = {International Transactions on Computer Science and Engineering},
    number = {1},
   
    publisher = {Global Engineering, Science, and Technology Society (GESTS)},
    title = {{Association Rules Mining: A Recent Overview}},
    volume = {32},
    year = {2006}
}

@incollection{Agrawal:1996:FDA:257938.257975,
 author = {Agrawal, Rakesh and Mannila, Heikki and Srikant, Ramakrishnan and Toivonen, Hannu and Verkamo, A. Inkeri},
 title = {Fast discovery of association rules},
 booktitle = {Advances in knowledge discovery and data mining},
 year = {1996}
} 

@article{Muggleton95inverseentailment,
  author    = {Stephen Muggleton},
  title     = {Inverse Entailment and Progol},
  journal   = {New Generation Comput.},
  volume    = {13},
  number    = {3{\&}4},
  year      = {1995},
 
  ee        = {http://dx.doi.org/10.1007/BF03037227},
  bibsource = {DBLP, http://dblp.uni-trier.de}
}

@inproceedings{Muggleton:1996:LPD:647996.742465,
 author = {Muggleton, Stephen},
 title = {Learning from Positive Data},
 booktitle = {ILP},
 year = {1997},
 isbn = {3-540-63494-0},

 numpages = {19},
 url = {http://dl.acm.org/citation.cfm?id=647996.742465},
 acmid = {742465},
 publisher = {Springer-Verlag},
} 

@inproceedings{urdf,
  author = {Ndapandula Nakashole and Mauro Sozio and Fabian Suchanek and Martin Theobald },
  title = {Query-Time Reasoning in Uncertain RDF Knowledge Bases with Soft and Hard Rules},
  year = {2012},
  booktitle = {Workshop on Very Large Data Search (VLDS) at VLDB}
}

@article{markovlogic,
	author = {Richardson, Matthew   and Domingos, Pedro  },
	journal = {Machine Learning},
	number = {1-2},
	publisher = {Springer},
	title = {Markov logic networks},
	volume = {62},
	year = {2006}
}

@inproceedings{Abedjan:2012:ROW:2396761.2398467,
 author = {Abedjan, Z. and Lorey, J. and Naumann, F.},
 title = {Reconciling ontologies and the web of data},
 booktitle = {CIKM},
 year = {2012},
} 
